@book{Aho:72,
    author  = {Alfred V. Aho and Jeffrey D. Ullman},
    title   = {The Theory of Parsing, Translation and Compiling},
    year    = "1972",
    volume  = "1",
    publisher = {Prentice-Hall},
    address = {Englewood Cliffs, NJ}
}

@article{brown1993,
  title={The mathematics of statistical machine translation: Parameter estimation},
  author={Brown, Peter F and Pietra, Vincent J Della and Pietra, Stephen A Della and Mercer, Robert L},
  journal={Computational linguistics},
  volume={19},
  number={2},
  pages={263--311},
  year={1993},
  publisher={MIT Press}
}

@article{schulz,
    url={https://uva-slpl.github.io/nlp2/resources/papers/Schulz-IBM12-Tutorial.pdf},
    author={Schulz, Philip},
    year = {2017},
    volume = {The IBM Mixture Models 1 and 2 for Word
Alignment},
    publisher = {Institute for Logic, Language and Computation},
}
@article{schulz2,
    url={https://github.com/philschulz/PublicWriting},
    author={Schulz, Philip},
    year = {2017},
    volume = {Computing the ELBO of a Dirichlet distribution},
    publisher = {Institute for Logic, Language and Computation},
}    
@inproceedings{moore,
  title={Improving IBM word-alignment model 1},
  author={Moore, Robert C},
  booktitle={Proceedings of the 42nd Annual Meeting on Association for Computational Linguistics},
  pages={518},
  year={2004},
  organization={Association for Computational Linguistics}
}
@book{APA:83,
    author  = {{American Psychological Association}},
    title   = {Publications Manual},
    year    = "1983",
   publisher = {American Psychological Association},
   address = {Washington, DC}
}

@article{ACM:83,
	author = {Association for Computing Machinery},
	year = "1983",
	journal = {Computing Reviews},
	volume = "24",
	number = "11",
	pages = "503--512"
}

@article{Chandra:81,
	author = {Ashok K. Chandra and Dexter C. Kozen and Larry J. Stockmeyer},
	year = "1981",
	title = {Alternation},
	journal = {Journal of the Association for Computing Machinery},
	volume = "28",
	number = "1",
	pages = "114--133",
	doi = "10.1145/322234.322243",
}

@book{Gusfield:97,
    author  = {Dan Gusfield},
    title   = {Algorithms on Strings, Trees and Sequences},
    year    = "1997",
    publisher = {Cambridge University Press},
    address = {Cambridge, UK}
}

@InProceedings{P16-1001,
  author =	"Goodman, James
  	 and Vlachos, Andreas
	     and Naradowsky, Jason",
  title =    "Noise reduction and targeted exploration in imitation learning for      Abstract Meaning Representation parsing    ",
  booktitle = 	    "Proceedings of the 54th Annual Meeting of the Association for      Computational Linguistics (Volume 1: Long Papers)    ",
  year =    "2016",
  publisher =	"Association for Computational Linguistics",
  pages =   "1--11",
  location =	"Berlin, Germany",
  doi =    "10.18653/v1/P16-1001",
  url =    "http://aclweb.org/anthology/P16-1001"
}

@InProceedings{C14-1001,
  author =	"Harper, Mary",
  title = 	"Learning from 26 Languages: Program Management and Science in the Babel Program",
  booktitle = 	"Proceedings of COLING 2014, the 25th International Conference on Computational Linguistics: Technical Papers",
  year =    "2014",
  publisher =	"Dublin City University and Association for Computational Linguistics",
  pages =   "1",
  location =	"Dublin, Ireland",
  url =    "http://aclweb.org/anthology/C14-1001"
}

@inproceedings{Vogel:1996,
 author = {Vogel, Stephan and Ney, Hermann and Tillmann, Christoph},
 title = {HMM-based Word Alignment in Statistical Translation},
 booktitle = {Proceedings of the 16th Conference on Computational Linguistics - Volume 2},
 series = {COLING '96},
 year = {1996},
 location = {Copenhagen, Denmark},
 pages = {836--841},
 numpages = {6},
 url = {http://dx.doi.org/10.3115/993268.993313},
 doi = {10.3115/993268.993313},
 acmid = {993313},
 publisher = {Association for Computational Linguistics},
 address = {Stroudsburg, PA, USA},
} 
